@inproceedings{authosserre2012interoperabilite,
  title={Interop{\'e}rabilit{\'e} des syst{\`e}mes d'information: approches dirig{\'e}es par les mod{\`e}les},
  author={Authosserre-Cavarero, Annie and Bertrand, Frederic and Blay-Fornarino, Mireille and Collet, Philippe and Dubois, Hubert and Ducasse, St{\'e}phane and Dupuy-Chessa, Sophie and Faron-Zucker, Catherine and Faucher, Cyril and Lafaye, Jean-Yves and others},
  booktitle={Inforsid 2012},
  pages={11--30},
  year={2012}
}

@inproceedings{bezivin2001towards,
  title={Towards a precise definition of the OMG/MDA framework},
  author={B{\'e}zivin, Jean and Gerb{\'e}, Olivier},
  booktitle={Automated Software Engineering, 2001.(ASE 2001). Proceedings. 16th Annual International Conference on},
  pages={273--280},
  year={2001},
  organization={IEEE}
}

@article{2005unification,
  title={On the unification power of models},
  author={B{\'e}zivin, Jean},
  journal={Software \& Systems Modeling},
  volume={4},
  number={2},
  pages={171--188},
  year={2005},
  publisher={Springer}
}

@inproceedings{bihanic2013modelisation,
  title={Mod{\'e}lisation graphique des SI: Du traitement visuel de mod{\`e}les complexes},
  author={Bihanic, David and Chevalier, Max and Dupuy-Chessa, Sophie and Morineau, Thierry and Polacsek, Thomas and Le Pallec, Xavier},
  booktitle={Inforsid 2013},
  year={2013}
}

@article{chenouard2010using,
  title={Using ATL to define advanced and flexible constraint model transformations},
  author={Chenouard, Rapha{\"e}l and Granvilliers, Laurent and Soto, Ricardo},
  journal={arXiv preprint arXiv:1002.3078},
  year={2010}
}

@inproceedings{lahna2005approche,
  title={Une approche multivue pour la conception de syst{\`e}mes d'information {\`a} base de composants.},
  author={Lahna, Brahim and Roudies, Ounsa and Giraudin, Jean-Pierre},
  booktitle={INFORSID},
  pages={45--60},
  year={2005}
}

@article{ledinot2012cross,
  title={A cross-domain comparison of software development assurance standards},
  author={Ledinot, Emmanuel and Astruc, Jean-Marc and Blanquart, Jean-Paul and Baufreton, Philippe and Boulanger, Jean-Louis and Delseny, Herv{\'e} and Gassino, Jean and Ladier, G{\'e}rard and Leeman, Michel and Machrouh, Joseph and others},
  journal={Proc. of ERTS2},
  year={2012}
}

@article{mens2006taxonomy,
  title={A taxonomy of model transformation},
  author={Mens, Tom and Van Gorp, Pieter},
  journal={Electronic Notes in Theoretical Computer Science},
  volume={152},
  pages={125--142},
  year={2006},
  publisher={Elsevier}
}

@incollection{nethercote2007minizinc,
  title={Minizinc: Towards a standard CP modelling language},
  author={Nethercote, Nicholas and Stuckey, Peter J and Becket, Ralph and Brand, Sebastian and Duck, Gregory J and Tack, Guido},
  booktitle={Principles and Practice of Constraint Programming--CP 2007},
  pages={529--543},
  year={2007},
  publisher={Springer}
}

@article{palensky2014simulating,
  title={Simulating cyber-physical energy systems: challenges, tools and methods},
  author={Palensky, Peter and Widl, Edmund and Elsheikh, Atiyah},
  journal={Systems, Man, and Cybernetics: Systems, IEEE Transactions on},
  volume={44},
  number={3},
  pages={318--326},
  year={2014},
  publisher={IEEE}
}

@article{shannon1975systems,
  title={Systems simulation},
  author={Shannon, Robert E},
  year={1975},
  publisher={Prentice-Hall}
}

@article{steel2007model,
  title={On model typing},
  author={Steel, Jim and J{\'e}z{\'e}quel, Jean-Marc},
  journal={Software \& Systems Modeling},
  volume={6},
  number={4},
  pages={401--413},
  year={2007},
  publisher={Springer}
}

@inproceedings{winter2006essential,
  title={Essential layers, artifacts, and dependencies of enterprise architecture},
  author={Winter, Robert and Fischer, Ronny},
  booktitle={Enterprise Distributed Object Computing Conference Workshops, 2006. EDOCW'06. 10th IEEE International},
  pages={30--30},
  year={2006},
  organization={IEEE}
}

@inproceedings{france2007model,
  title={Model-driven development of complex software: A research roadmap},
  author={France, Robert and Rumpe, Bernhard},
  booktitle={2007 Future of Software Engineering},
  pages={37--54},
  year={2007},
  organization={IEEE Computer Society}
}

@article{schmidt2006guest,
  title={Guest editor's introduction: Model-driven engineering},
  author={Schmidt, Douglas C},
  journal={Computer},
  volume={39},
  number={2},
  pages={0025--31},
  year={2006},
  publisher={IEEE Computer Society}
}

@book{reix1995systemes,
  title={Syst{\`e}mes d'information et management des organisations},
  author={Reix, Robert and Fallery, Bernard and Kalika, Michel and Rowe, Frantz},
  year={1995},
  publisher={Vuibert}
}

@book{jezequel2012ingenierie,
  title={Ing{\'e}nierie Dirig{\'e}e par les Mod{\`e}les: des concepts {\`a} la pratique...},
  author={J{\'e}z{\'e}quel, Jean-Marc and Combemale, Benoit and Vojtisek, Didier},
  year={2012},
  publisher={Ellipses}
}

@article{kleppe2007language,
  title={A language description is more than a metamodel},
  author={Kleppe, Anneke G},
  year={2007},
  publisher={megaplanet. org}
}

@inproceedings{authosserre2012interoperabilite,
  title={Interop{\'e}rabilit{\'e} des syst{\`e}mes d'information: approches dirig{\'e}es par les mod{\`e}les},
  author={Authosserre-Cavarero, Annie and Bertrand, Frederic and Blay-Fornarino, Mireille and Collet, Philippe and Dubois, Hubert and Ducasse, St{\'e}phane and Dupuy-Chessa, Sophie and Faron-Zucker, Catherine and Faucher, Cyril and Lafaye, Jean-Yves and others},
  booktitle={Inforsid 2012},
  pages={11--30},
  year={2012}
}

@inproceedings{favre2004towards,
  title={Towards a basic theory to model model driven engineering},
  author={Favre, Jean-Marie},
  booktitle={3rd Workshop in Software Model Engineering, WiSME},
  pages={262--271},
  year={2004},
  organization={Citeseer}
}

@article{bezivin2004rapport,
  title={Rapport de Synth{\`e}se de l?AS CNRS sur le MDA (Model Driven Architecture)},
  author={B{\'e}zivin, Jean and Blay, Mireille and Bouzhegoub, Mokrane and Estublier, Jacky and Favre, Jean-Marie and G{\'e}rard, S{\'e}bastien and J{\'e}z{\'e}quel, Jean Marc},
  journal={CNRS, novembre},
  year={2004}
}

@inproceedings{lahna2005approche,
  title={Une approche multivue pour la conception de syst{\`e}mes d'information {\`a} base de composants.},
  author={Lahna, Brahim and Roudies, Ounsa and Giraudin, Jean-Pierre},
  booktitle={INFORSID},
  pages={45--60},
  year={2005}
}

@inproceedings{perez2007transformation,
  title={Transformation et v{\'e}rification de coh{\'e}rence entre mod{\`e}les du G{\'e}nie Logiciel et mod{\`e}les de l'Interface Homme-Machine.},
  author={P{\'e}rez-Medina, Jorge Luis and Marsal-Layat, St{\'e}phanie and Favre, JM},
  booktitle={INFORSID},
  pages={382--397},
  year={2007}
}

@incollection{nethercote2007minizinc,
  title={Minizinc: Towards a standard CP modelling language},
  author={Nethercote, Nicholas and Stuckey, Peter J and Becket, Ralph and Brand, Sebastian and Duck, Gregory J and Tack, Guido},
  booktitle={Principles and Practice of Constraint Programming--CP 2007},
  pages={529--543},
  year={2007},
  publisher={Springer}
}

@inproceedings{winter2008enterprise,
  title={Enterprise architecture governance: the need for a business-to-IT approach},
  author={Winter, Robert and Schelp, Joachim},
  booktitle={Proceedings of the 2008 ACM symposium on Applied computing},
  pages={548--552},
  year={2008},
  organization={ACM}
}

@article{chesbrough2006research,
  title={A research manifesto for services science},
  author={Chesbrough, Henry and Spohrer, Jim},
  journal={Communications of the ACM},
  volume={49},
  number={7},
  pages={35--40},
  year={2006},
  publisher={ACM}
}

@book{uslar2012standardization,
  title={Standardization in Smart Grids: Introduction to IT-Related Methodologies, Architectures and Standards},
  author={Uslar, Mathias and Specht, Michael and D{\"a}nekas, Christian and Trefke, J{\"o}rn and Rohjans, Sebastian and Gonz{\'a}lez, Jos{\'e} M and Rosinger, Christine and Bleiker, Robert},
  year={2012},
  publisher={Springer Science \& Business Media}
}

@article{kruchten19954+,
  title={The 4+ 1 view model of architecture},
  author={Kruchten, Philippe B},
  journal={Software, IEEE},
  volume={12},
  number={6},
  pages={42--50},
  year={1995},
  publisher={IEEE}
}

%%%% Points de vue
@article{lahna2009approches,
  title={Approches par points de vue pour l?ing{\'e}nierie des Syst{\`e}mes d?information. 1 {\`e}re partie},
  author={Lahna, Brahim and Roudi{\`e}s, Ounsa and Giraudin, Jean-Pierre},
  year={2009},
  publisher={Laboratoire SIR Departement G{\'e}nie Informatique Ecole Mohammadia d'ing{\'e}nieurs}
}

@inproceedings{pepinalignement,
  title={Alignement de mod{\`e}les m{\'e}tiers et applicatifs: une approche pragmatique par transformations de mod{\`e}le},
  author={Pepin, Jonathan and Andr{\'e}, Pascal and Attiogb{\'e}, Christian and Breton, Erwan},
  booktitle={Troisi{\`e}me Conf{\'e}rence en Ing{\'e}nieriE du Logiciel},
  pages={17}
}

@article{greenfield2004software,
  title={Software factories: assembling applications with patterns, models, frameworks, and tools},
  author={Greenfield, Jack and Short, Keith and Cook, Steve and Kent, Stuart and Crupi, John},
  year={2004},
  publisher={Wiley Pub.}
}

@inproceedings{kent2002model,
  title={Model driven engineering},
  author={Kent, Stuart},
  booktitle={Integrated formal methods},
  pages={286--298},
  year={2002},
  organization={Springer}
}

@inproceedings{de2002using,
  title={Using Meta-Modelling and Graph Grammars to Process GPSS Models.},
  author={De Lara, Juan and Vangheluwe, Hans},
  booktitle={ESM},
  pages={100--107},
  year={2002}
}

@article{bezivin2004search,
  title={In search of a basic principle for model driven engineering},
  author={B{\'e}zivin, Jean},
  journal={Novatica Journal, Special Issue},
  volume={5},
  number={2},
  pages={21--24},
  year={2004},
  publisher={Citeseer}
}

@article{booch2004mda,
  title={An MDA manifesto},
  author={Booch, Grady and Brown, Alan W and Iyengar, Sridhar and Rumbaugh, James and Selic, Bran},
  journal={Business Process Trends/MDA Journal},
  year={2004}
}

@book{minsky1967computation,
  title={Computation: finite and infinite machines},
  author={Minsky, Marvin L},
  year={1967},
  publisher={Prentice-Hall, Inc.}
}

@article{seidewitz2003models,
  title={What models mean},
  author={Seidewitz, Ed},
  journal={IEEE software},
  number={5},
  pages={26--32},
  year={2003},
  publisher={IEEE}
}

@article{atkinson2003model,
  title={Model-driven development: a metamodeling foundation},
  author={Atkinson, Colin and K{\"u}hne, Thomas},
  journal={Software, IEEE},
  volume={20},
  number={5},
  pages={36--41},
  year={2003},
  publisher={IEEE}
}

@article{bezivin2005unification,
  title={On the unification power of models},
  author={B{\'e}zivin, Jean},
  journal={Software \& Systems Modeling},
  volume={4},
  number={2},
  pages={171--188},
  year={2005},
  publisher={Springer}
}

@misc{favre2006ingenierie,
  title={L'ing{\'e}nierie dirig{\'e}e par les mod{\`e}les. Au-del{\`a} du MDA (Trait{\'e} IC2, s{\'e}rie Informatique et Syst{\`e}mes d'Information)},
  author={FAVRE, Jean-Marie and ESTUBLIER, Jacky and BLAY-FORNARINO, Mireille},
  year={2006},
  publisher={Lavoisier}
}

@book{kleppe2003mda,
  title={MDA explained: the model driven architecture: practice and promise},
  author={Kleppe, Anneke G and Warmer, Jos B and Bast, Wim},
  year={2003},
  publisher={Addison-Wesley Professional}
}

@article{tratt2005model,
  title={Model transformations and tool integration},
  author={Tratt, Laurence},
  journal={Software \& Systems Modeling},
  volume={4},
  number={2},
  pages={112--122},
  year={2005},
  publisher={Springer}
}

@article{czarnecki2000intentional,
  title={Intentional programming},
  author={Czarnecki, Krzysztof and Eisenecker, Ulrich W},
  journal={Generative Programming. Methods, Tools, and Applications},
  year={2000}
}

@inproceedings{bezivin2006canonical,
  title={A canonical scheme for model composition},
  author={B{\'e}zivin, Jean and Bouzitouna, Salim and Del Fabro, Marcos Didonet and Gervais, Marie-Pierre and Jouault, Fr{\'e}d{\'e}ric and Kolovos, Dimitrios and Kurtev, Ivan and Paige, Richard F},
  booktitle={Model Driven Architecture--Foundations and Applications},
  pages={346--360},
  year={2006},
  organization={Springer}
}

@incollection{fleurey2008generic,
  title={A generic approach for automatic model composition},
  author={Fleurey, Franck and Baudry, Benoit and France, Robert and Ghosh, Sudipto},
  booktitle={Models in Software Engineering},
  pages={7--15},
  year={2008},
  publisher={Springer}
}

@inproceedings{del2007semi,
  title={Semi-automatic model integration using matching transformations and weaving models},
  author={Del Fabro, Marcos Didonet and Valduriez, Patrick},
  booktitle={Proceedings of the 2007 ACM symposium on Applied computing},
  pages={963--970},
  year={2007},
  organization={ACM}
}

@phdthesis{syriani2011multi,
  title={A multi-paradigm foundation for model transformation language engineering},
  author={Syriani, Eugene},
  year={2011},
  school={McGill University}
}

@inproceedings{jouault2006transforming,
  title={Transforming models with ATL},
  author={Jouault, Fr{\'e}d{\'e}ric and Kurtev, Ivan},
  booktitle={satellite events at the MoDELS 2005 Conference},
  pages={128--138},
  year={2006},
  organization={Springer}
}

@inproceedings{biehl2010integrating,
  title={Integrating safety analysis into the model-based development toolchain of automotive embedded systems},
  author={Biehl, Matthias and DeJiu, Chen and T{\"o}rngren, Martin},
  booktitle={ACM Sigplan Notices},
  volume={45},
  number={4},
  pages={125--132},
  year={2010},
  organization={ACM}
}

@article{aho1985compilers,
  title={Compilers Principles, Techniques, and Tools Addison-Wesley, 1986},
  author={Aho, Alfred V and Sethi, Ravi and Ullman, Jeffry D},
  journal={QA76},
  volume={76},
  pages={C65A37},
  year={1985}
}
@article{czarnecki2006feature,
  title={Feature-based survey of model transformation approaches},
  author={Czarnecki, Krzysztof and Helsen, Simon},
  journal={IBM Systems Journal},
  volume={45},
  number={3},
  pages={621--645},
  year={2006},
  publisher={IBM}
}

@book{blanc2011mda,
  title={MDA en action: Ing{\'e}nierie logicielle guid{\'e}e par les mod{\`e}les},
  author={Blanc, Xavier and Salvatori, Olivier},
  year={2011},
  publisher={Editions Eyrolles}
}

@incollection{bezivin2006model,
  title={Model transformations? transformation models!},
  author={B{\'e}zivin, Jean and B{\"u}ttner, Fabian and Gogolla, Martin and Jouault, Fr{\'e}d{\'e}ric and Kurtev, Ivan and Lindow, Arne},
  booktitle={Model driven engineering languages and systems},
  pages={440--453},
  year={2006},
  publisher={Springer}
}

@article{jouault2008atl,
  title={ATL: A model transformation tool},
  author={Jouault, Fr{\'e}d{\'e}ric and Allilaire, Freddy and B{\'e}zivin, Jean and Kurtev, Ivan},
  journal={Science of computer programming},
  volume={72},
  number={1},
  pages={31--39},
  year={2008},
  publisher={Elsevier}
}

@misc{ocl20032,
  title={2.0 specification, revision 2.4},
  author={OCL, OMG},
  year={2014}
}

@incollection{jouault2006km3,
  title={KM3: a DSL for Metamodel Specification},
  author={Jouault, Fr{\'e}d{\'e}ric and B{\'e}zivin, Jean},
  booktitle={Formal Methods for Open Object-Based Distributed Systems},
  pages={171--185},
  year={2006},
  publisher={Springer}
}

@incollection{kurtev2008state,
  title={State of the art of QVT: A model transformation language standard},
  author={Kurtev, Ivan},
  booktitle={Applications of graph transformations with industrial relevance},
  pages={377--393},
  year={2008},
  publisher={Springer}
}

@misc{omg2011meta,
  title={Meta Object Facility (MOF) 2.0 Query/View/Transformation, v1. 1},
  author={OMG, QVT},
  year={2011},
  publisher={OMG}
}


@article{armour1999bigpicture,
	title = {A big-picture look at enterprise architectures},
	volume = {1},
	issn = {1520-9202},
	number = {1},
	journal = {IT professional},
	author = {Armour, Frank J and Kaisler, Stephen H and Liu, Simon Y},
	year = {1999},
	keywords = {DSL, MDE},
	pages = {35--42}
}

@article{zachman1987framework,
  title={A framework for information systems architecture},
  author={Zachman, John and others},
  journal={IBM systems journal},
  volume={26},
  number={3},
  pages={276--292},
  year={1987},
  publisher={IBM}
}

@article{kleppe_language_2007,
	title = {A language description is more than a metamodel},
	author = {Kleppe, Anneke G},
	year = {2007}
}

@incollection{sunkle_analyzing_2013,
	title = {Analyzing enterprise models using enterprise architecture-based ontology},
	isbn = {3642415326},
	booktitle = {Model-{Driven} {Engineering} {Languages} and {Systems}},
	publisher = {Springer},
	author = {Sunkle, Sagar and Kulkarni, Vinay and Roychoudhury, Suman},
	year = {2013},
	keywords = {EA, ontology},
	pages = {622--638}
}

@article{chesbrough_research_2006,
	title = {A research manifesto for services science},
	volume = {49},
	issn = {0001-0782},
	number = {7},
	journal = {Communications of the ACM},
	author = {Chesbrough, Henry and Spohrer, Jim},
	year = {2006},
	keywords = {MDE, principles},
	pages = {35--40}
}

@article{mens_taxonomy_2006,
	title = {A taxonomy of model transformation},
	volume = {152},
	issn = {1571-0661},
	journal = {Electronic Notes in Theoretical Computer Science},
	author = {Mens, Tom and Van Gorp, Pieter},
	year = {2006},
	keywords = {Definition, MDE, Model transformation},
	pages = {125--142}
}

@inproceedings{armour_uml-driven_2003,
	title = {A {UML}-driven enterprise architecture case study},
	isbn = {0769518745},
	publisher = {IEEE},
	author = {Armour, Frank and Kaisler, Stephen and Getter, Jim and Pippin, Doug},
	year = {2003},
	keywords = {analysis, EA},
	pages = {10--pp}
}

@book{watson_computer_1981,
	address = {New York, NY, USA},
	title = {Computer {Simulation} in {Business}},
	isbn = {0471036382},
	publisher = {John Wiley \& Sons, Inc.},
	author = {Watson, Hugh J.},
	year = {1981}
}

@inproceedings{kaisler_enterprise_2005,
	title = {Enterprise architecting: {Critical} problems},
	isbn = {0769522688},
	publisher = {IEEE},
	author = {Kaisler, Stephen H and Armour, Frank and Valivullah, Michael},
	year = {2005},
	keywords = {challenges, Definition, EA},
	pages = {224b--224b},
	annote = {La définition de EA selon hicss
 }
}

@inproceedings{metrailler_evolis_2014,
	title = {{EVOLIS} {Framework}: {A} {Method} to {Study} {Information} {Systems} {Evolution} {Records}},
	publisher = {IEEE},
	author = {Métrailler, Alexandre and Estier, Thibault},
	year = {2014},
	keywords = {evolution, Information System},
	pages = {3798--3807}
}

@article{bezivin_search_2004,
	title = {In search of a basic principle for model driven engineering},
	volume = {5},
	number = {2},
	journal = {Novatica Journal, Special Issue},
	author = {Bézivin, Jean},
	year = {2004},
	keywords = {Definition, MDE},
	pages = {21--24}
}

@inproceedings{authosserre-cavarero_interoperabilite_2012,
	title = {Interopérabilité des systèmes d'information: approches dirigées par les modèles},
	author = {Authosserre-Cavarero, Annie and Bertrand, Frederic and Blay-Fornarino, Mireille and Collet, Philippe and Dubois, Hubert and Ducasse, Stéphane and Dupuy-Chessa, Sophie and Faron-Zucker, Catherine and Faucher, Cyril and Lafaye, Jean-Yves},
	year = {2012},
	keywords = {Information System, Interoperability, MDE},
	pages = {11--30},
	annote = {MDE facilite l'adoption de standards dans le processus de développement.}
}

@book{favre_ingenierie_2006,
	title = {L'ingénierie dirigée par les modèles. {Au}-delà du {MDA} ({Traité} {IC}2, série {Informatique} et {Systèmes} d'{Information})},
	publisher = {Lavoisier},
	author = {FAVRE, Jean-Marie and ESTUBLIER, Jacky and BLAY-FORNARINO, Mireille},
	year = {2006}
}

@incollection{nethercote_minizinc:_2007,
	title = {Minizinc: {Towards} a standard {CP} modelling language},
	isbn = {3540749691},
	booktitle = {Principles and {Practice} of {Constraint} {Programming}–{CP} 2007},
	publisher = {Springer},
	author = {Nethercote, Nicholas and Stuckey, Peter J and Becket, Ralph and Brand, Sebastian and Duck, Gregory J and Tack, Guido},
	year = {2007},
	keywords = {MiniZinc},
	pages = {529--543}
}

@inproceedings{france_model-driven_2007,
	title = {Model-driven development of complex software: {A} research roadmap},
	publisher = {IEEE},
	author = {France, Robert and Rumpe, Bernhard},
	year = {2007},
	keywords = {MDE},
	pages = {37--54}
}

@incollection{jezequel_model_2011,
	title = {Model driven language engineering with kermeta},
	isbn = {3642180221},
	booktitle = {Generative and {Transformational} {Techniques} in {Software} {Engineering} {III}},
	publisher = {Springer},
	author = {Jézéquel, Jean-Marc and Barais, Olivier and Fleurey, Franck},
	year = {2011},
	keywords = {MDE, Model Typing},
	pages = {201--221}
}

@inproceedings{kulkarni_modelling_2013,
	title = {Modelling and {Enterprises}-{The} {Past}, the {Present} and the {Future}.},
	author = {Kulkarni, Vinay and Roychoudhury, Suman and Sunkle, Sagar and Clark, Tony and Barn, Balbir},
	year = {2013},
	keywords = {EA, tendances},
	pages = {95--100}
}

@article{steel_model_2007,
	title = {On model typing},
	volume = {6},
	issn = {1619-1366},
	number = {4},
	journal = {Software \& Systems Modeling},
	author = {Steel, Jim and Jézéquel, Jean-Marc},
	year = {2007},
	keywords = {Definition, MDE, Model Typing, principles},
	pages = {401--413}
}

@article{bezivin_unification_2005,
	title = {On the unification power of models},
	volume = {4},
	issn = {1619-1366},
	number = {2},
	journal = {Software \& Systems Modeling},
	author = {Bézivin, Jean},
	year = {2005},
	pages = {171--188}
}

@article{bezivin_unification_2005-1,
	title = {On the unification power of models},
	volume = {4},
	url = {http://link.springer.com/article/10.1007/s10270-005-0079-0},
	number = {2},
	urldate = {2015-11-29},
	journal = {Software \& Systems Modeling},
	author = {Bézivin, Jean},
	year = {2005},
	pages = {171--188},
	file = {[PDF] à partir de researchgate.net:files/51/Bézivin - 2005 - On the unification power of models.pdf:application/pdf;Snapshot:files/53/s10270-005-0079-0.html:text/html}
}

@inproceedings{monti_power_2010,
	title = {Power grids of the future: {Why} smart means complex},
	isbn = {1424459826},
	publisher = {IEEE},
	author = {Monti, Antonello and Ponci, Ferdinanda},
	year = {2010},
	keywords = {Cyber-physical, Smart Grid},
	pages = {7--11}
}

@article{palensky_simulating_2014,
	title = {Simulating cyber-physical energy systems: challenges, tools and methods},
	volume = {44},
	issn = {2168-2216},
	number = {3},
	journal = {Systems, Man, and Cybernetics: Systems, IEEE Transactions on},
	author = {Palensky, Peter and Widl, Edmund and Elsheikh, Atiyah},
	year = {2014},
	keywords = {Cyber-physical, Information System, Smart Grid},
	pages = {318--326},
	annote = {IS is often relegated to mere set-points calculation written in Matlab or C++}
}

@book{uslar_standardization_2012,
	title = {Standardization in {Smart} {Grids}: {Introduction} to {IT}-{Related} {Methodologies}, {Architectures} and {Standards}},
	isbn = {3642349161},
	publisher = {Springer Science \& Business Media},
	author = {Uslar, Mathias and Specht, Michael and Dänekas, Christian and Trefke, Jörn and Rohjans, Sebastian and González, José M and Rosinger, Christine and Bleiker, Robert},
	year = {2012},
	keywords = {Information System, IT, Smart Grid}
}

@article{bezivin_sur_1992,
	title = {Sur les équations fonctionnelles auxq-différences},
	volume = {43},
	issn = {0001-9054},
	number = {2-3},
	journal = {Aequationes Mathematicae},
	author = {Bézivin, Jean-Paul},
	year = {1992},
	keywords = {MDE},
	pages = {159--176}
}

@book{shannon_systems_1975,
	title = {Systems simulation: the art and science},
	volume = {1},
	publisher = {Prentice-Hall Englewood Cliffs, NJ},
	author = {Shannon, Robert E},
	year = {1975}
}

@article{lankhorst_anatomy_2010,
	title = {The anatomy of the archimate language},
	volume = {1},
	issn = {1947-8186},
	number = {1},
	journal = {International Journal of Information System Modeling and Design (IJISMD)},
	author = {Lankhorst, Marc M and Proper, Henderik Alex and Jonkers, Henk},
	year = {2010},
	pages = {1--32}
}

@article{christy_application_1983,
	title = {The {Application} of {Simulation}: {A} {Survey} of {Industry} {Practice}},
	volume = {13},
	issn = {0092-2102},
	shorttitle = {The {Application} of {Simulation}},
	url = {http://pubsonline.informs.org/doi/abs/10.1287/inte.13.5.47},
	doi = {10.1287/inte.13.5.47},
	number = {5},
	urldate = {2015-06-08},
	journal = {Interfaces},
	author = {Christy, David P. and Watson, Hugh J.},
	month = oct,
	year = {1983},
	pages = {47--52},
	file = {Snapshot:files/38/inte.13.5.html:text/html}
}

@book{fraser_enterprise_1995,
	title = {The {Enterprise} {Tool} {Set}: {An} {Open} {Enterprise} {Architecture}},
	publisher = {AIAI, University of Edinburgh},
	author = {Fraser, John and Tate, Austin},
	year = {1995},
	keywords = {EA, ontology}
}

@inproceedings{favre_towards_2004,
	title = {Towards a basic theory to model model driven engineering},
	publisher = {Citeseer},
	author = {Favre, Jean-Marie},
	year = {2004},
	pages = {262--271}
}

@inproceedings{bezivin_towards_2001,
	title = {Towards a precise definition of the {OMG}/{MDA} framework},
	isbn = {076951426X},
	publisher = {IEEE},
	author = {Bézivin, Jean and Gerbé, Olivier},
	year = {2001},
	keywords = {Definition, MDE, principles},
	pages = {273--280}
}

@inproceedings{clark_towards_2014,
	title = {Towards the {Model} {Driven} {Organization}},
	publisher = {IEEE},
	author = {Clark, Therese and Kulkarni, Vaishali and Barn, Balbir and France, Robert and Frank, Ulrich and Turk, Dan},
	year = {2014},
	keywords = {EA, MDE},
	pages = {4817--4826}
}

@incollection{muller2005weaving,
	title = {Weaving executability into object-oriented meta-languages},
	isbn = {3540290109},
	booktitle = {Model {Driven} {Engineering} {Languages} and {Systems}},
	publisher = {Springer},
	author = {Muller, Pierre-Alain and Fleurey, Franck and Jézéquel, Jean-Marc},
	year = {2005},
	keywords = {executable models, MDE, semantics},
	pages = {264--278}
}

@article{kappelman2008enterprise,
  title={Enterprise architecture: Charting the territory for academic research},
  author={Kappelman, Leon and McGinnis, Tom and Pettite, Alex and Sidorova, Anna},
  journal={AMCIS 2008 Proceedings},
  pages={162},
  year={2008}
}

@book{bernard2012introduction,
  title={An introduction to enterprise architecture},
  author={Bernard, Scott A},
  year={2012},
  publisher={AuthorHouse}
}

@book{spewak1993enterprise,
  title={Enterprise architecture planning: developing a blueprint for data, applications and technology},
  author={Spewak, Steven H and Hill, Steven C},
  year={1993},
  publisher={QED Information Sciences, Inc.}
}

@article{lankhorst2013enterprise,
  title={$\{$Enterprise Architecture at Work: Modelling, Communication and Analysis (The Enterprise Engineering Series)$\}$},
  author={Lankhorst, Marc},
  year={2013},
  publisher={Springer},
  edition = 3
}

@article{mentz2012comparison,
  title={A comparison of practitioner and researcher definitions of enterprise architecture using an interpretation method},
  author={Mentz, Jan and Kotz{\'e}, Paula and van der Merwe, Alta},
  journal={Advances in Enterprise Information Systems II},
  pages={11--26},
  year={2012},
  publisher={CRC Press}
}

@PHDTHESIS{hope2015theisis,
  title={The critical success factors of enterprise architecture},
  author={Hope, Thomas Lee},
  School={University of Thechnology Sydney},
  year={2015}
}

@inproceedings{ranganathan2005enterprise,
  title={Enterprise IT trends and implications for architecture research},
  author={Ranganathan, Parthasarathy and Jouppi, Norman},
  booktitle={High-Performance Computer Architecture, 2005. HPCA-11. 11th International Symposium on},
  pages={253--256},
  year={2005},
  organization={IEEE}
}

@article{lapalme2012three,
  title={Three schools of thought on enterprise architecture},
  author={Lapalme, James},
  journal={IT professional},
  number={6},
  pages={37--43},
  year={2012},
  publisher={IEEE}
}

@book{ross2006enterprise,
  title={Enterprise architecture as strategy: Creating a foundation for business execution},
  author={Ross, Jeanne W and Weill, Peter and Robertson, David},
  year={2006},
  publisher={Harvard Business Press}
}

@inproceedings{steen2004supporting,
  title={Supporting viewpoint-oriented enterprise architecture},
  author={Steen, Maarten WA and Akehurst, David H and Doest, HWLT and Lankhorst, Marc M},
  booktitle={Enterprise Distributed Object Computing Conference, 2004. EDOC 2004. Proceedings. Eighth IEEE International},
  pages={201--211},
  year={2004},
  organization={IEEE}
}

@inproceedings{mullery1979core,
  title={CORE-a method for controlled requirement specification},
  author={Mullery, Geoff P},
  booktitle={Proceedings of the 4th international conference on Software engineering},
  pages={126--135},
  year={1979},
  organization={IEEE Press}
}

@article{finkelstein1992viewpoints,
  title={Viewpoints: A framework for integrating multiple perspectives in system development},
  author={Finkelstein, Anthony and Kramer, Jeff and Nuseibeh, Bashar and Finkelstein, Ludwik and Goedicke, Michael},
  journal={International Journal of Software Engineering and Knowledge Engineering},
  volume={2},
  number={01},
  pages={31--57},
  year={1992},
  publisher={World Scientific}
}

@article{kotonya1996requirements,
  title={Requirements engineering with viewpoints},
  author={Kotonya, Gerald and Sommerville, Ian},
  journal={Software Engineering Journal},
  volume={11},
  number={1},
  pages={5--18},
  year={1996},
  publisher={IET}
}
@phdthesis{nuseibeh1994multi,
  title={A multi-perspective framework for method integration},
  author={Nuseibeh, Bashar Ahmad},
  year={1994},
  school={Imperial College}
}

@phdthesis{meyers1993representing,
  title={Representing software systems in multiple-view development environments},
  author={Meyers, Scott Douglas},
  year={1993},
  school={Brown University}
}

@article{ross2005understanding,
  title={Understanding the benefits of enterprise architecture},
  author={Ross, Jeanne W and Weill, Peter},
  journal={CISR Research Briefings},
  volume={5},
  number={2B},
  year={2005}
}

@article{shah2007frameworks,
  title={Frameworks for enterprise architecture},
  author={Shah, Hanifa and El Kourdi, Mohamed},
  journal={It Professional},
  volume={9},
  number={5},
  pages={36--41},
  year={2007},
  publisher={IEEE}
}

@article{vcater2010factors,
  title={Factors of effective strategy implementation: Empirical evidence from Slovenian business practice},
  author={{\v{C}}ater, Toma{\v{z}} and Pu{\v{c}}ko, Danijel},
  journal={Journal for east european Management Studies},
  pages={207--236},
  year={2010},
  publisher={JSTOR}
}


@inproceedings{buckl2010conceptual,
  title={Conceptual models for cross-cutting aspects in enterprise architecture modeling},
  author={Buckl, Sabine and Matthes, Florian and Schweda, Christian M},
  booktitle={Enterprise Distributed Object Computing Conference Workshops (EDOCW), 2010 14th IEEE International},
  pages={245--252},
  year={2010},
  organization={IEEE}
}

@inproceedings{borshchev2004system,
  title={From system dynamics and discrete event to practical agent based modeling: reasons, techniques, tools},
  author={Borshchev, Andrei and Filippov, Alexei},
  booktitle={Proceedings of the 22nd international conference of the system dynamics society},
  volume={22},
  year={2004}
}

@inproceedings{buckl2008towards,
  title={Towards Simulation-supported Enterprise Architecture Management.},
  author={Buckl, Sabine and Matthes, Florian and Renz, Wolfgang and Schweda, Christian M and Sudeikat, Jan},
  booktitle={MobIS},
  pages={131--145},
  year={2008},
  organization={Citeseer}
}

@inproceedings{kulkarni2013modelling,
  title={Modelling and Enterprises-The Past, the Present and the Future.},
  author={Kulkarni, Vinay and Roychoudhury, Suman and Sunkle, Sagar and Clark, Tony and Barn, Balbir},
  booktitle={MODELSWARD},
  pages={95--100},
  year={2013}
}

@article{le2013humain,
  title={L’humain augment{\'e}, un enjeu social},
  author={Le D{\'e}v{\'e}dec, Nicolas and Guis, Fany},
  journal={SociologieS},
  year={2013},
  publisher={Association internationales des sociologues de langue fran{\c{c}}aise (AISLF)}
}

@article{andersson2005causes,
  title={Causes of the 2003 major grid blackouts in North America and Europe, and recommended means to improve system dynamic performance},
  author={Andersson, G and Donalek, P and Farmer, R and Hatziargyriou, N and Kamwa, I and Kundur, P and Martins, N and Paserba, J and Pourbeik, P and Sanchez-Gasca, J and others},
  journal={Power Systems, IEEE Transactions on},
  volume={20},
  number={4},
  pages={1922--1928},
  year={2005},
  publisher={IEEE}
}

@article{detroit,
  author = {EDF, L'énergie en question},
  title = {La panne d’électricité à Détroit, symbole de la vétusté du réseau électrique américain},
  year =  2014,
  url = {https://www.lenergieenquestions.fr/la-panne-delectricite-a-detroit-symbole-de-la-vetuste-du-reseau-electrique-americain/},

}

@article{outages,
  author = {Inside Energy, JORDAN WIRFS-BROCK},
  title = {Power Outages On The Rise Across The U.S.},
  year =  2014,
  url = {http://insideenergy.org/2014/08/18/power-outages-on-the-rise-across-the-u-s/},

}

@article{cre,
  author = {Smart Grids - CRE},
  title = {Définition des Smart grids},
  url = {http://www.smartgrids-cre.fr/index.php?p=definition-smart-grids},

}

@article{ETP,
  author = {European technology platform for the electricity networks of the future},
  title = {Définition des Smart grids},
  url = {http://www.smartgrids.eu},
}

@article{USDE,
  author = {US department of enrergy},
  title = {Introduction to Smart grids},
  url = {energy.gov/oe/downloads/smart-grid-introduction-0},
}

@incollection{raymond1995reference,
  title={Reference model of open distributed processing (RM-ODP): Introduction},
  author={Raymond, Kerry},
  booktitle={Open distributed processing},
  pages={3--14},
  year={1995},
  publisher={Springer}
}

@book{rifkin2012troisieme,
  title={La troisi{\`e}me r{\'e}volution industrielle: comment le pouvoir lat{\'e}ral va transformer l'{\'e}nergie, l'{\'e}conomie et le monde},
  author={Rifkin, Jeremy},
  year={2012},
  publisher={{\'E}ditions Les liens qui lib{\`e}rent}
}

@article{zachman1997enterprise,
  title={Enterprise architecture: The issue of the century},
  author={Zachman, John A},
  journal={Database Programming and Design},
  volume={10},
  number={3},
  pages={44--53},
  year={1997}
}

@book{nadler1992organizational,
  title={Organizational architecture: Designs for changing organizations},
  author={Nadler, David and Gerstein, Marc S and Shaw, Robert B},
  volume={192},
  year={1992},
  publisher={Jossey-Bass Inc Pub}
}

@incollection{buckl2009classifying,
  title={Classifying enterprise architecture analysis approaches},
  author={Buckl, Sabine and Matthes, Florian and Schweda, Christian M},
  booktitle={Enterprise Interoperability},
  pages={66--79},
  year={2009},
  publisher={Springer}
}

@article{varela1974autopoiesis,
  title={Autopoiesis: the organization of living systems, its characterization and a model},
  author={Varela, Francisco G and Maturana, Humberto R and Uribe, Ricardo},
  journal={Biosystems},
  volume={5},
  number={4},
  pages={187--196},
  year={1974},
  publisher={Elsevier}
}

@article{smook2014executable,
  title={Executable enterprise architecture models: enabling business analytics using the Monte Carlo method},
  author={Smook, Roland},
  year={2014},
  publisher={University of Twente}
}

@inproceedings{clark2011leap,
  title={Leap: a precise lightweight framework for enterprise architecture},
  author={Clark, Tony and Barn, Balbir S and Oussena, Samia},
  booktitle={Proceedings of the 4th India Software Engineering Conference},
  pages={85--94},
  year={2011},
  organization={ACM}
}

@phdthesis{glazner2009simu,
  title={Understanding Enterprise Behavior using Hybrid Simulation of Enterprise Architecture},
  author={Glazner, Christopher G.},
  year={2009},
  school={Massachusetts Institute of Technology}
}

@book{hoffman2013enterprise,
  title={Enterprise Dynamics Sourcebook},
  author={Hoffman, Kenneth C and Glazner, Christopher G and Bunting, William J and Wojcik, Leonard A and Cady, Anne},
  year={2013},
  publisher={CRC Press}
}

@inproceedings{de2005enterprise,
  title={Enterprise architecture analysis with xml},
  author={de Boer, Frank S and Bonsangue, Marcello M and Jacob, Joost and Stam, Andries and Van der Torre, L},
  booktitle={System Sciences, 2005. HICSS'05. Proceedings of the 38th Annual Hawaii International Conference on},
  pages={222b--222b},
  year={2005},
  organization={IEEE}
}

@article{manzur2015xarchimate,
  title={xArchiMate: Enterprise Architecture simulation, experimentation and analysis},
  author={Manzur, Laura and Ulloa, Jorge Mario and S{\'a}nchez, Mario and Villalobos, Jorge},
  journal={Simulation},
  volume={91},
  number={3},
  pages={276--301},
  year={2015},
  publisher={SAGE Publications}
}

@inproceedings{barn2013enterprise,
  title={Enterprise architecture coherence and the model driven enterprise: is simulation the answer or are we flying kites?},
  author={Barn, Balbir S and Clark, Tony and Loomes, Martin},
  booktitle={Proceedings of the 6th India Software Engineering Conference},
  pages={97--102},
  year={2013},
  organization={ACM}
}

@article{bruneliere2013support,
  title={Un support IDM pour l'architecture d'entreprise dans un contexte industriel: l'exemple du framework TEAP},
  author={Bruneli{\`e}re, Hugo and Cabot, Jordi and Drapeau, St{\'e}phane and Somda, Flavien and Piers, William and Calle, Juan David Villa and Lafaurie, Jean-Christophe},
  journal={G{\'e}nie logiciel},
  number={107},
  pages={33--38},
  year={2013}
}

@article{togaf2009,
  title={The Open Group Architecture Framework (TOGAF)},
  author={Version 9, TOGAF},
  journal={The Open Group},
  volume={1},
  year={2009},
  url={http://www.opengroup.org/togaf}
}

@inproceedings{manzur2012experimentation,
  title={Experimentation in executable enterprise architecture models},
  author={Manzur, Laura and Santa, John and S{\'a}nchez, Mario and Villalobos, Jorge},
  booktitle={Advanced Information Systems Engineering Workshops},
  pages={455--469},
  year={2012},
  organization={Springer}
}

@inproceedings{ludwig2011organizational,
  title={Organizational configurations in executable Enterprise Architecture models},
  author={Ludwig, Marie and Farcet, Nicolas and Babau, Jean-Philippe and Champeau, Jo{\"e}l},
  booktitle={poster session of Complex Systems Design and Management 2011},
  year={2011}
}

@article{glazner2011enterprise,
  title={Enterprise transformation using a simulation of enterprise architecture},
  author={Glazner, Christopher G},
  journal={Journal of Enterprise Transformation},
  volume={1},
  number={3},
  pages={231--260},
  year={2011},
  publisher={Taylor \& Francis}
}

@article{frankel2003zachman,
  title={The Zachman framework and the OMG's model driven architecture},
  author={Frankel, David S and Harmon, Paul and Mukerji, Jishnu and Odell, James and Owen, Martin and Rivitt, Pete and Rosen, Mike and Soley, Richard Mark},
  journal={Business Process Trends},
  volume={14},
  year={2003}
}

@inproceedings{bruneliere2013mde,
  title={MDE Support for Enterprise Architecture in an Industrial Context: the TEAP Framework Experience},
  author={Bruneliere, Hugo and Cabot, Jordi and Drapeau, St{\'e}phane and Somda, Flavien and Piers, William and Calle, Juan David Villa and Lafaurie, Jean-Christophe},
  booktitle={TowArds the Model DrIveN Organization (AMINO 2013) workshop-a MODELS 2013 Satellite Event},
  year={2013}
}

@inproceedings{kurpjuweit2007viewpoint,
  title={Viewpoint-based Meta Model Engineering.},
  author={Kurpjuweit, Stephan and Winter, Robert},
  booktitle={EMISA},
  volume={143},
  pages={2007},
  year={2007}
}

@article{chen2008architectures,
  title={Architectures for enterprise integration and interoperability: Past, present and future},
  author={Chen, David and Doumeingts, Guy and Vernadat, Fran{\c{c}}ois},
  journal={Computers in industry},
  volume={59},
  number={7},
  pages={647--659},
  year={2008},
  publisher={Elsevier}
}

@article{chesbrough2006research,
  title={A research manifesto for services science},
  author={Chesbrough, Henry and Spohrer, Jim},
  journal={Communications of the ACM},
  volume={49},
  number={7},
  pages={35--40},
  year={2006},
  publisher={ACM}
}

@article{simon1990prediction,
  title={Prediction and prescription in systems modeling},
  author={Simon, Herbert A},
  journal={Operations Research},
  volume={38},
  number={1},
  pages={7--14},
  year={1990},
  publisher={INFORMS}
}

@inproceedings{de2005change,
  title={Change impact analysis of enterprise architectures},
  author={de Boer, Frank S and Bonsangue, Marcello M and Groenewegen, LPJ and Stam, AW and van der Torre, L and others},
  booktitle={Information Reuse and Integration, Conf, 2005. IRI-2005 IEEE International Conference on.},
  pages={177--181},
  year={2005},
  organization={IEEE}
}