
@inproceedings{authosserre2012interoperabilite,
  title={Interop{\'e}rabilit{\'e} des syst{\`e}mes d'information: approches dirig{\'e}es par les mod{\`e}les},
  author={Authosserre-Cavarero, Annie and Bertrand, Frederic and Blay-Fornarino, Mireille and Collet, Philippe and Dubois, Hubert and Ducasse, St{\'e}phane and Dupuy-Chessa, Sophie and Faron-Zucker, Catherine and Faucher, Cyril and Lafaye, Jean-Yves and others},
  booktitle={Inforsid 2012},
  pages={11--30},
  year={2012}
}

@inproceedings{bezivin2001towards,
  title={Towards a precise definition of the OMG/MDA framework},
  author={B{\'e}zivin, Jean and Gerb{\'e}, Olivier},
  booktitle={Automated Software Engineering, 2001.(ASE 2001). Proceedings. 16th Annual International Conference on},
  pages={273--280},
  year={2001},
  organization={IEEE}
}

@article{bezivin2004rapport,
  title={Rapport de Synth{\`e}se de l?AS CNRS sur le MDA (Model Driven Architecture)},
  author={B{\'e}zivin, Jean and Blay, Mireille and Bouzhegoub, Mokrane and Estublier, Jacky and Favre, Jean-Marie and G{\'e}rard, S{\'e}bastien and J{\'e}z{\'e}quel, Jean Marc},
  journal={CNRS, novembre},
  year={2004}
}

@article{2005unification,
  title={On the unification power of models},
  author={B{\'e}zivin, Jean},
  journal={Software \& Systems Modeling},
  volume={4},
  number={2},
  pages={171--188},
  year={2005},
  publisher={Springer}
}

@inproceedings{bihanic2013modelisation,
  title={Mod{\'e}lisation graphique des SI: Du traitement visuel de mod{\`e}les complexes},
  author={Bihanic, David and Chevalier, Max and Dupuy-Chessa, Sophie and Morineau, Thierry and Polacsek, Thomas and Le Pallec, Xavier},
  booktitle={Inforsid 2013},
  year={2013}
}

@article{chenouard2010using,
  title={Using ATL to define advanced and flexible constraint model transformations},
  author={Chenouard, Rapha{\"e}l and Granvilliers, Laurent and Soto, Ricardo},
  journal={arXiv preprint arXiv:1002.3078},
  year={2010}
}

@inproceedings{favre2004towards,
  title={Towards a basic theory to model model driven engineering},
  author={Favre, Jean-Marie},
  booktitle={3rd Workshop in Software Model Engineering, WiSME},
  pages={262--271},
  year={2004},
  organization={Citeseer}
}

@inproceedings{lahna2005approche,
  title={Une approche multivue pour la conception de syst{\`e}mes d'information {\`a} base de composants.},
  author={Lahna, Brahim and Roudies, Ounsa and Giraudin, Jean-Pierre},
  booktitle={INFORSID},
  pages={45--60},
  year={2005}
}

@article{ledinot2012cross,
  title={A cross-domain comparison of software development assurance standards},
  author={Ledinot, Emmanuel and Astruc, Jean-Marc and Blanquart, Jean-Paul and Baufreton, Philippe and Boulanger, Jean-Louis and Delseny, Herv{\'e} and Gassino, Jean and Ladier, G{\'e}rard and Leeman, Michel and Machrouh, Joseph and others},
  journal={Proc. of ERTS2},
  year={2012}
}

@article{mens2006taxonomy,
  title={A taxonomy of model transformation},
  author={Mens, Tom and Van Gorp, Pieter},
  journal={Electronic Notes in Theoretical Computer Science},
  volume={152},
  pages={125--142},
  year={2006},
  publisher={Elsevier}
}

@incollection{nethercote2007minizinc,
  title={Minizinc: Towards a standard CP modelling language},
  author={Nethercote, Nicholas and Stuckey, Peter J and Becket, Ralph and Brand, Sebastian and Duck, Gregory J and Tack, Guido},
  booktitle={Principles and Practice of Constraint Programming--CP 2007},
  pages={529--543},
  year={2007},
  publisher={Springer}
}

@article{palensky2014simulating,
  title={Simulating cyber-physical energy systems: challenges, tools and methods},
  author={Palensky, Peter and Widl, Edmund and Elsheikh, Atiyah},
  journal={Systems, Man, and Cybernetics: Systems, IEEE Transactions on},
  volume={44},
  number={3},
  pages={318--326},
  year={2014},
  publisher={IEEE}
}

@article{shannon1975systems,
  title={Systems simulation},
  author={Shannon, Robert E},
  year={1975},
  publisher={Prentice-Hall}
}

@article{steel2007model,
  title={On model typing},
  author={Steel, Jim and J{\'e}z{\'e}quel, Jean-Marc},
  journal={Software \& Systems Modeling},
  volume={6},
  number={4},
  pages={401--413},
  year={2007},
  publisher={Springer}
}

@inproceedings{winter2006essential,
  title={Essential layers, artifacts, and dependencies of enterprise architecture},
  author={Winter, Robert and Fischer, Ronny},
  booktitle={Enterprise Distributed Object Computing Conference Workshops, 2006. EDOCW'06. 10th IEEE International},
  pages={30--30},
  year={2006},
  organization={IEEE}
}

@inproceedings{france2007model,
  title={Model-driven development of complex software: A research roadmap},
  author={France, Robert and Rumpe, Bernhard},
  booktitle={2007 Future of Software Engineering},
  pages={37--54},
  year={2007},
  organization={IEEE Computer Society}
}

@article{schmidt2006guest,
  title={Guest editor's introduction: Model-driven engineering},
  author={Schmidt, Douglas C},
  journal={Computer},
  volume={39},
  number={2},
  pages={0025--31},
  year={2006},
  publisher={IEEE Computer Society}
}

@book{reix1995systemes,
  title={Syst{\`e}mes d'information et management des organisations},
  author={Reix, Robert and Fallery, Bernard and Kalika, Michel and Rowe, Frantz},
  year={1995},
  publisher={Vuibert}
}

@book{jezequel2012ingenierie,
  title={Ing{\'e}nierie Dirig{\'e}e par les Mod{\`e}les: des concepts {\`a} la pratique...},
  author={J{\'e}z{\'e}quel, Jean-Marc and Combemale, Benoit and Vojtisek, Didier},
  year={2012},
  publisher={Ellipses}
}

@article{kleppe2007language,
  title={A language description is more than a metamodel},
  author={Kleppe, Anneke G},
  year={2007},
  publisher={megaplanet. org}
}

@inproceedings{authosserre2012interoperabilite,
  title={Interop{\'e}rabilit{\'e} des syst{\`e}mes d'information: approches dirig{\'e}es par les mod{\`e}les},
  author={Authosserre-Cavarero, Annie and Bertrand, Frederic and Blay-Fornarino, Mireille and Collet, Philippe and Dubois, Hubert and Ducasse, St{\'e}phane and Dupuy-Chessa, Sophie and Faron-Zucker, Catherine and Faucher, Cyril and Lafaye, Jean-Yves and others},
  booktitle={Inforsid 2012},
  pages={11--30},
  year={2012}
}

@inproceedings{bezivin2001towards,
  title={Towards a precise definition of the OMG/MDA framework},
  author={B{\'e}zivin, Jean and Gerb{\'e}, Olivier},
  booktitle={Automated Software Engineering, 2001.(ASE 2001). Proceedings. 16th Annual International Conference on},
  pages={273--280},
  year={2001},
  organization={IEEE}
}

@inproceedings{favre2004towards,
  title={Towards a basic theory to model model driven engineering},
  author={Favre, Jean-Marie},
  booktitle={3rd Workshop in Software Model Engineering, WiSME},
  pages={262--271},
  year={2004},
  organization={Citeseer}
}

@article{bezivin2004rapport,
  title={Rapport de Synth{\`e}se de l?AS CNRS sur le MDA (Model Driven Architecture)},
  author={B{\'e}zivin, Jean and Blay, Mireille and Bouzhegoub, Mokrane and Estublier, Jacky and Favre, Jean-Marie and G{\'e}rard, S{\'e}bastien and J{\'e}z{\'e}quel, Jean Marc},
  journal={CNRS, novembre},
  year={2004}
}

@inproceedings{lahna2005approche,
  title={Une approche multivue pour la conception de syst{\`e}mes d'information {\`a} base de composants.},
  author={Lahna, Brahim and Roudies, Ounsa and Giraudin, Jean-Pierre},
  booktitle={INFORSID},
  pages={45--60},
  year={2005}
}

@inproceedings{perez2007transformation,
  title={Transformation et v{\'e}rification de coh{\'e}rence entre mod{\`e}les du G{\'e}nie Logiciel et mod{\`e}les de l'Interface Homme-Machine.},
  author={P{\'e}rez-Medina, Jorge Luis and Marsal-Layat, St{\'e}phanie and Favre, JM},
  booktitle={INFORSID},
  pages={382--397},
  year={2007}
}

@incollection{nethercote2007minizinc,
  title={Minizinc: Towards a standard CP modelling language},
  author={Nethercote, Nicholas and Stuckey, Peter J and Becket, Ralph and Brand, Sebastian and Duck, Gregory J and Tack, Guido},
  booktitle={Principles and Practice of Constraint Programming--CP 2007},
  pages={529--543},
  year={2007},
  publisher={Springer}
}

@inproceedings{winter2008enterprise,
  title={Enterprise architecture governance: the need for a business-to-IT approach},
  author={Winter, Robert and Schelp, Joachim},
  booktitle={Proceedings of the 2008 ACM symposium on Applied computing},
  pages={548--552},
  year={2008},
  organization={ACM}
}

@inproceedings{winter2006essential,
  title={Essential layers, artifacts, and dependencies of enterprise architecture},
  author={Winter, Robert and Fischer, Ronny},
  booktitle={Enterprise Distributed Object Computing Conference Workshops, 2006. EDOCW'06. 10th IEEE International},
  pages={30--30},
  year={2006},
  organization={IEEE}
}

@article{chesbrough2006research,
  title={A research manifesto for services science},
  author={Chesbrough, Henry and Spohrer, Jim},
  journal={Communications of the ACM},
  volume={49},
  number={7},
  pages={35--40},
  year={2006},
  publisher={ACM}
}

@book{uslar2012standardization,
  title={Standardization in Smart Grids: Introduction to IT-Related Methodologies, Architectures and Standards},
  author={Uslar, Mathias and Specht, Michael and D{\"a}nekas, Christian and Trefke, J{\"o}rn and Rohjans, Sebastian and Gonz{\'a}lez, Jos{\'e} M and Rosinger, Christine and Bleiker, Robert},
  year={2012},
  publisher={Springer Science \& Business Media}
}

@article{kruchten19954+,
  title={The 4+ 1 view model of architecture},
  author={Kruchten, Philippe B},
  journal={Software, IEEE},
  volume={12},
  number={6},
  pages={42--50},
  year={1995},
  publisher={IEEE}
}

%%%% Points de vue
@article{lahna2009approches,
  title={Approches par points de vue pour l?ing{\'e}nierie des Syst{\`e}mes d?information. 1 {\`e}re partie},
  author={Lahna, Brahim and Roudi{\`e}s, Ounsa and Giraudin, Jean-Pierre},
  year={2009},
  publisher={Laboratoire SIR Departement G{\'e}nie Informatique Ecole Mohammadia d'ing{\'e}nieurs}
}

@inproceedings{pepinalignement,
  title={Alignement de mod{\`e}les m{\'e}tiers et applicatifs: une approche pragmatique par transformations de mod{\`e}le},
  author={Pepin, Jonathan and Andr{\'e}, Pascal and Attiogb{\'e}, Christian and Breton, Erwan},
  booktitle={Troisi{\`e}me Conf{\'e}rence en Ing{\'e}nieriE du Logiciel},
  pages={17}
}

@article{greenfield2004software,
  title={Software factories: assembling applications with patterns, models, frameworks, and tools},
  author={Greenfield, Jack and Short, Keith and Cook, Steve and Kent, Stuart and Crupi, John},
  year={2004},
  publisher={Wiley Pub.}
}

@inproceedings{kent2002model,
  title={Model driven engineering},
  author={Kent, Stuart},
  booktitle={Integrated formal methods},
  pages={286--298},
  year={2002},
  organization={Springer}
}

@inproceedings{de2002using,
  title={Using Meta-Modelling and Graph Grammars to Process GPSS Models.},
  author={De Lara, Juan and Vangheluwe, Hans},
  booktitle={ESM},
  pages={100--107},
  year={2002}
}

@article{bezivin2004search,
  title={In search of a basic principle for model driven engineering},
  author={B{\'e}zivin, Jean},
  journal={Novatica Journal, Special Issue},
  volume={5},
  number={2},
  pages={21--24},
  year={2004},
  publisher={Citeseer}
}

@article{booch2004mda,
  title={An MDA manifesto},
  author={Booch, Grady and Brown, Alan W and Iyengar, Sridhar and Rumbaugh, James and Selic, Bran},
  journal={Business Process Trends/MDA Journal},
  year={2004}
}

@book{minsky1967computation,
  title={Computation: finite and infinite machines},
  author={Minsky, Marvin L},
  year={1967},
  publisher={Prentice-Hall, Inc.}
}

@article{seidewitz2003models,
  title={What models mean},
  author={Seidewitz, Ed},
  journal={IEEE software},
  number={5},
  pages={26--32},
  year={2003},
  publisher={IEEE}
}

@article{atkinson2003model,
  title={Model-driven development: a metamodeling foundation},
  author={Atkinson, Colin and K{\"u}hne, Thomas},
  journal={Software, IEEE},
  volume={20},
  number={5},
  pages={36--41},
  year={2003},
  publisher={IEEE}
}

@article{bezivin2004search,
  title={In search of a basic principle for model driven engineering},
  author={B{\'e}zivin, Jean},
  journal={Novatica Journal, Special Issue},
  volume={5},
  number={2},
  pages={21--24},
  year={2004},
  publisher={Citeseer}
}

@article{bezivin2005unification,
  title={On the unification power of models},
  author={B{\'e}zivin, Jean},
  journal={Software \& Systems Modeling},
  volume={4},
  number={2},
  pages={171--188},
  year={2005},
  publisher={Springer}
}

@misc{favre2006ingenierie,
  title={L'ing{\'e}nierie dirig{\'e}e par les mod{\`e}les. Au-del{\`a} du MDA (Trait{\'e} IC2, s{\'e}rie Informatique et Syst{\`e}mes d'Information)},
  author={FAVRE, Jean-Marie and ESTUBLIER, Jacky and BLAY-FORNARINO, Mireille},
  year={2006},
  publisher={Lavoisier}
}

@article{bezivin2004search,
  title={In search of a basic principle for model driven engineering},
  author={B{\'e}zivin, Jean},
  journal={Novatica Journal, Special Issue},
  volume={5},
  number={2},
  pages={21--24},
  year={2004},
  publisher={Citeseer}
}

@misc{omg2011meta,
  title={Meta Object Facility (MOF) 2.0 Query/View/Transformation, v1. 1},
  author={OMG, QVT},
  year={2011},
  publisher={OMG}
}

@book{kleppe2003mda,
  title={MDA explained: the model driven architecture: practice and promise},
  author={Kleppe, Anneke G and Warmer, Jos B and Bast, Wim},
  year={2003},
  publisher={Addison-Wesley Professional}
}

@article{tratt2005model,
  title={Model transformations and tool integration},
  author={Tratt, Laurence},
  journal={Software \& Systems Modeling},
  volume={4},
  number={2},
  pages={112--122},
  year={2005},
  publisher={Springer}
}

@article{czarnecki2000intentional,
  title={Intentional programming},
  author={Czarnecki, Krzysztof and Eisenecker, Ulrich W},
  journal={Generative Programming. Methods, Tools, and Applications},
  year={2000}
}

@inproceedings{bezivin2006canonical,
  title={A canonical scheme for model composition},
  author={B{\'e}zivin, Jean and Bouzitouna, Salim and Del Fabro, Marcos Didonet and Gervais, Marie-Pierre and Jouault, Fr{\'e}d{\'e}ric and Kolovos, Dimitrios and Kurtev, Ivan and Paige, Richard F},
  booktitle={Model Driven Architecture--Foundations and Applications},
  pages={346--360},
  year={2006},
  organization={Springer}
}

@incollection{fleurey2008generic,
  title={A generic approach for automatic model composition},
  author={Fleurey, Franck and Baudry, Benoit and France, Robert and Ghosh, Sudipto},
  booktitle={Models in Software Engineering},
  pages={7--15},
  year={2008},
  publisher={Springer}
}

@inproceedings{del2007semi,
  title={Semi-automatic model integration using matching transformations and weaving models},
  author={Del Fabro, Marcos Didonet and Valduriez, Patrick},
  booktitle={Proceedings of the 2007 ACM symposium on Applied computing},
  pages={963--970},
  year={2007},
  organization={ACM}
}

@phdthesis{syriani2011multi,
  title={A multi-paradigm foundation for model transformation language engineering},
  author={Syriani, Eugene},
  year={2011},
  school={McGill University}
}

@inproceedings{jouault2006transforming,
  title={Transforming models with ATL},
  author={Jouault, Fr{\'e}d{\'e}ric and Kurtev, Ivan},
  booktitle={satellite events at the MoDELS 2005 Conference},
  pages={128--138},
  year={2006},
  organization={Springer}
}

@inproceedings{biehl2010integrating,
  title={Integrating safety analysis into the model-based development toolchain of automotive embedded systems},
  author={Biehl, Matthias and DeJiu, Chen and T{\"o}rngren, Martin},
  booktitle={ACM Sigplan Notices},
  volume={45},
  number={4},
  pages={125--132},
  year={2010},
  organization={ACM}
}

@article{aho1985compilers,
  title={Compilers Principles, Techniques, and Tools Addison-Wesley, 1986},
  author={Aho, Alfred V and Sethi, Ravi and Ullman, Jeffry D},
  journal={QA76},
  volume={76},
  pages={C65A37},
  year={1985}
}
@article{czarnecki2006feature,
  title={Feature-based survey of model transformation approaches},
  author={Czarnecki, Krzysztof and Helsen, Simon},
  journal={IBM Systems Journal},
  volume={45},
  number={3},
  pages={621--645},
  year={2006},
  publisher={IBM}
}

@book{blanc2011mda,
  title={MDA en action: Ing{\'e}nierie logicielle guid{\'e}e par les mod{\`e}les},
  author={Blanc, Xavier and Salvatori, Olivier},
  year={2011},
  publisher={Editions Eyrolles}
}

@incollection{bezivin2006model,
  title={Model transformations? transformation models!},
  author={B{\'e}zivin, Jean and B{\"u}ttner, Fabian and Gogolla, Martin and Jouault, Fr{\'e}d{\'e}ric and Kurtev, Ivan and Lindow, Arne},
  booktitle={Model driven engineering languages and systems},
  pages={440--453},
  year={2006},
  publisher={Springer}
}

@article{jouault2008atl,
  title={ATL: A model transformation tool},
  author={Jouault, Fr{\'e}d{\'e}ric and Allilaire, Freddy and B{\'e}zivin, Jean and Kurtev, Ivan},
  journal={Science of computer programming},
  volume={72},
  number={1},
  pages={31--39},
  year={2008},
  publisher={Elsevier}
}

@misc{ocl20032,
  title={2.0 specification, revision 2.4},
  author={OCL, OMG},
  year={2014}
}

@incollection{jouault2006km3,
  title={KM3: a DSL for Metamodel Specification},
  author={Jouault, Fr{\'e}d{\'e}ric and B{\'e}zivin, Jean},
  booktitle={Formal Methods for Open Object-Based Distributed Systems},
  pages={171--185},
  year={2006},
  publisher={Springer}
}

@incollection{kurtev2008state,
  title={State of the art of QVT: A model transformation language standard},
  author={Kurtev, Ivan},
  booktitle={Applications of graph transformations with industrial relevance},
  pages={377--393},
  year={2008},
  publisher={Springer}
}

@inproceedings{jouault2006transforming,
  title={Transforming models with ATL},
  author={Jouault, Fr{\'e}d{\'e}ric and Kurtev, Ivan},
  booktitle={satellite events at the MoDELS 2005 Conference},
  pages={128--138},
  year={2006},
  organization={Springer}
}

@misc{omg2011meta,
  title={Meta Object Facility (MOF) 2.0 Query/View/Transformation, v1. 1},
  author={OMG, QVT},
  year={2011},
  publisher={OMG}
}
