@article{Katsuno,
	Author = {Katsuno, H. AND Mendelzon, A.},
	Journal = {Artificial Intelligence},
	Pages = {263-294},
	Title = {Propositional knowledge base revision and minimal change},
	Volume = {52},
    number = {3},
	Year = {1991}
}

@InProceedings{KM1989,
	Author = {Katsuno, H. AND Mendelzon, A.},
    title =    {A Unified View of Pro\-po\-sitional Knowledge Base Updates},
    booktitle =    {International Joint Conference on Artificial Intelligence (IJCAI'89)},
    year =     {1989},
    publisher =    {Morgan Kaufmann Publisher},
    address = {NY, USA},
    pages =     {1413-1419}
}

@book{Kee92,
   author = {Keeney, R. L.},
   title =  {Value-Focused Thinking: A Path to Creative Decision Making},
   address= {Cambridge, Mass},
   publisher = {Harvard University Press},
   year =   {1992}
}

@inproceedings{monti2010power,
  title={Power grids of the future: Why smart means complex},
  author={Monti, Antonello and Ponci, Ferdinanda},
  booktitle={Complexity in Engineering, 2010. COMPENG'10.},
  pages={7--11},
  year={2010},
  organization={IEEE}
}

@incollection{raymond1995reference,
  title={Reference model of open distributed processing (RM-ODP): Introduction},
  author={Raymond, Kerry},
  booktitle={Open Distributed Processing},
  pages={3--14},
  year={1995},
  publisher={Springer}
}

@InCollection{LR1991,
  author =           {Sten Lindstr{\"{o}}m and Wlodzimierz Rabinowicz},
  title =            {Epistemic Entrenchment with Incomparabilities and relational belief revision},
  booktitle =        {The Logic of Theory Change},
  publisher =        {Springer Verlag},
  address =          {Berlin, Germany},
  year =             {1991},
  editor =           {A. Fuhrmann and M. Morreau},
  volume =           {465},
  series =           {LNAI}
}

@MANUAL{yar,
  TITLE =        {Manuel d'utilisation de LotreC},
  author =       {Yar, Olivier},
  organization = {IRIT},
  address =      {Toulouse, France},
  edition =      {2nde},
  OPTnumber =       {6},
  year =         {2000}
}


@TECHREPORT{LC2004b,
  AUTHOR =       {Lorini, Emiliano AND Castelfranchi, Cristiano AND Falcone, Rino},
  TITLE =        {To Attempt and To Try: for a cognitive theory of Action},
  INSTITUTION =  {Institute of Cognitive Sciences and Technologies (ISTC-CNR)},
  YEAR =         {2005},
  OPTvolume = {5},
  OPTedition = {2e},
  number =       {RR-2004-005},
  address =      {Rome, Italy},
  month =        mar
}


@PHDTHESIS{Ada2007,
  AUTHOR =       {Adam, Carole},
  TITLE =        {Emotions: from psychological theories to logical formalization and implementation in a {BDI}
  agent},
  SCHOOL =       {INP},
  YEAR =         {2007},
  address =      {Toulouse, France},
  month =        Jul
}


@MastersThesis{LAR1996,
  author =       {Larson, Stephan},
  title =        {Computing Implicature: The Case of Relevance},
  school =       {Dept. of Linguistics},
  year =         {1996},
  address =      {Göteborg University, Sweden}
}

@Unpublished{LEV1997,
  author =   {Isaac Levi},
  title =    {Contraction and Informational Value},
  month =    mar,
  year =     {1997}
}

@MISC{divers,
  author =       {FIPA-ACL},
  title =        {Speech acts library},
  howpublished = {Web},
  year =         {2006},
  month =        apr
}

@inproceedings{authosserre2012interoperabilite,
  title={Interop{\'e}rabilit{\'e} des syst{\`e}mes d'information: approches dirig{\'e}es par les mod{\`e}les},
  author={Authosserre-Cavarero, Annie and Bertrand, Frederic and Blay-Fornarino, Mireille and Collet, Philippe and Dubois, Hubert and Ducasse, St{\'e}phane and Dupuy-Chessa, Sophie and Faron-Zucker, Catherine and Faucher, Cyril and Lafaye, Jean-Yves and others},
  booktitle={Inforsid 2012},
  pages={11--30},
  year={2012}
}

@inproceedings{bezivin2001towards,
  title={Towards a precise definition of the OMG/MDA framework},
  author={B{\'e}zivin, Jean and Gerb{\'e}, Olivier},
  booktitle={Automated Software Engineering, 2001.(ASE 2001). Proceedings. 16th Annual International Conference on},
  pages={273--280},
  year={2001},
  organization={IEEE}
}

@article{bezivin2004rapport,
  title={Rapport de Synth{\`e}se de l?AS CNRS sur le MDA (Model Driven Architecture)},
  author={B{\'e}zivin, Jean and Blay, Mireille and Bouzhegoub, Mokrane and Estublier, Jacky and Favre, Jean-Marie and G{\'e}rard, S{\'e}bastien and J{\'e}z{\'e}quel, Jean Marc},
  journal={CNRS, novembre},
  year={2004}
}

@article{bezivin2005unification,
  title={On the unification power of models},
  author={B{\'e}zivin, Jean},
  journal={Software \& Systems Modeling},
  volume={4},
  number={2},
  pages={171--188},
  year={2005},
  publisher={Springer}
}

@inproceedings{bihanic2013modelisation,
  title={Mod{\'e}lisation graphique des SI: Du traitement visuel de mod{\`e}les complexes},
  author={Bihanic, David and Chevalier, Max and Dupuy-Chessa, Sophie and Morineau, Thierry and Polacsek, Thomas and Le Pallec, Xavier},
  booktitle={Inforsid 2013},
  year={2013}
}

@article{chenouard2010using,
  title={Using ATL to define advanced and flexible constraint model transformations},
  author={Chenouard, Rapha{\"e}l and Granvilliers, Laurent and Soto, Ricardo},
  journal={arXiv preprint arXiv:1002.3078},
  year={2010}
}

@inproceedings{favre2004towards,
  title={Towards a basic theory to model model driven engineering},
  author={Favre, Jean-Marie},
  booktitle={3rd Workshop in Software Model Engineering, WiSME},
  pages={262--271},
  year={2004},
  organization={Citeseer}
}

@inproceedings{lahna2005approche,
  title={Une approche multivue pour la conception de syst{\`e}mes d'information {\`a} base de composants.},
  author={Lahna, Brahim and Roudies, Ounsa and Giraudin, Jean-Pierre},
  booktitle={INFORSID},
  pages={45--60},
  year={2005}
}

@article{ledinot2012cross,
  title={A cross-domain comparison of software development assurance standards},
  author={Ledinot, Emmanuel and Astruc, Jean-Marc and Blanquart, Jean-Paul and Baufreton, Philippe and Boulanger, Jean-Louis and Delseny, Herv{\'e} and Gassino, Jean and Ladier, G{\'e}rard and Leeman, Michel and Machrouh, Joseph and others},
  journal={Proc. of ERTS2},
  year={2012}
}

@article{mens2006taxonomy,
  title={A taxonomy of model transformation},
  author={Mens, Tom and Van Gorp, Pieter},
  journal={Electronic Notes in Theoretical Computer Science},
  volume={152},
  pages={125--142},
  year={2006},
  publisher={Elsevier}
}

@incollection{nethercote2007minizinc,
  title={Minizinc: Towards a standard CP modelling language},
  author={Nethercote, Nicholas and Stuckey, Peter J and Becket, Ralph and Brand, Sebastian and Duck, Gregory J and Tack, Guido},
  booktitle={Principles and Practice of Constraint Programming--CP 2007},
  pages={529--543},
  year={2007},
  publisher={Springer}
}

@article{palensky2014simulating,
  title={Simulating cyber-physical energy systems: challenges, tools and methods},
  author={Palensky, Peter and Widl, Edmund and Elsheikh, Atiyah},
  journal={Systems, Man, and Cybernetics: Systems, IEEE Transactions on},
  volume={44},
  number={3},
  pages={318--326},
  year={2014},
  publisher={IEEE}
}

@article{shannon1975systems,
  title={Systems simulation},
  author={Shannon, Robert E},
  year={1975},
  publisher={Prentice-Hall}
}

@article{steel2007model,
  title={On model typing},
  author={Steel, Jim and J{\'e}z{\'e}quel, Jean-Marc},
  journal={Software \& Systems Modeling},
  volume={6},
  number={4},
  pages={401--413},
  year={2007},
  publisher={Springer}
}

@inproceedings{winter2006essential,
  title={Essential layers, artifacts, and dependencies of enterprise architecture},
  author={Winter, Robert and Fischer, Ronny},
  booktitle={Enterprise Distributed Object Computing Conference Workshops, 2006. EDOCW'06. 10th IEEE International},
  pages={30--30},
  year={2006},
  organization={IEEE}
}

@inproceedings{france2007model,
  title={Model-driven development of complex software: A research roadmap},
  author={France, Robert and Rumpe, Bernhard},
  booktitle={2007 Future of Software Engineering},
  pages={37--54},
  year={2007},
  organization={IEEE Computer Society}
}

@article{schmidt2006guest,
  title={Guest editor's introduction: Model-driven engineering},
  author={Schmidt, Douglas C},
  journal={Computer},
  volume={39},
  number={2},
  pages={0025--31},
  year={2006},
  publisher={IEEE Computer Society}
}

@book{reix1995systemes,
  title={Syst{\`e}mes d'information et management des organisations},
  author={Reix, Robert and Fallery, Bernard and Kalika, Michel and Rowe, Frantz},
  year={1995},
  publisher={Vuibert}
}

@book{jezequel2012ingenierie,
  title={Ing{\'e}nierie Dirig{\'e}e par les Mod{\`e}les: des concepts {\`a} la pratique...},
  author={J{\'e}z{\'e}quel, Jean-Marc and Combemale, Benoit and Vojtisek, Didier},
  year={2012},
  publisher={Ellipses}
}

@article{kleppe2007language,
  title={A language description is more than a metamodel},
  author={Kleppe, Anneke G},
  year={2007},
  publisher={megaplanet. org}
}

@inproceedings{authosserre2012interoperabilite,
  title={Interop{\'e}rabilit{\'e} des syst{\`e}mes d'information: approches dirig{\'e}es par les mod{\`e}les},
  author={Authosserre-Cavarero, Annie and Bertrand, Frederic and Blay-Fornarino, Mireille and Collet, Philippe and Dubois, Hubert and Ducasse, St{\'e}phane and Dupuy-Chessa, Sophie and Faron-Zucker, Catherine and Faucher, Cyril and Lafaye, Jean-Yves and others},
  booktitle={Inforsid 2012},
  pages={11--30},
  year={2012}
}

@inproceedings{bezivin2001towards,
  title={Towards a precise definition of the OMG/MDA framework},
  author={B{\'e}zivin, Jean and Gerb{\'e}, Olivier},
  booktitle={Automated Software Engineering, 2001.(ASE 2001). Proceedings. 16th Annual International Conference on},
  pages={273--280},
  year={2001},
  organization={IEEE}
}

@inproceedings{favre2004towards,
  title={Towards a basic theory to model model driven engineering},
  author={Favre, Jean-Marie},
  booktitle={3rd Workshop in Software Model Engineering, WiSME},
  pages={262--271},
  year={2004},
  organization={Citeseer}
}

@article{bezivin2004rapport,
  title={Rapport de Synth{\`e}se de l?AS CNRS sur le MDA (Model Driven Architecture)},
  author={B{\'e}zivin, Jean and Blay, Mireille and Bouzhegoub, Mokrane and Estublier, Jacky and Favre, Jean-Marie and G{\'e}rard, S{\'e}bastien and J{\'e}z{\'e}quel, Jean Marc},
  journal={CNRS, novembre},
  year={2004}
}

@inproceedings{lahna2005approche,
  title={Une approche multivue pour la conception de syst{\`e}mes d'information {\`a} base de composants.},
  author={Lahna, Brahim and Roudies, Ounsa and Giraudin, Jean-Pierre},
  booktitle={INFORSID},
  pages={45--60},
  year={2005}
}

@inproceedings{perez2007transformation,
  title={Transformation et v{\'e}rification de coh{\'e}rence entre mod{\`e}les du G{\'e}nie Logiciel et mod{\`e}les de l'Interface Homme-Machine.},
  author={P{\'e}rez-Medina, Jorge Luis and Marsal-Layat, St{\'e}phanie and Favre, JM},
  booktitle={INFORSID},
  pages={382--397},
  year={2007}
}

@incollection{nethercote2007minizinc,
  title={Minizinc: Towards a standard CP modelling language},
  author={Nethercote, Nicholas and Stuckey, Peter J and Becket, Ralph and Brand, Sebastian and Duck, Gregory J and Tack, Guido},
  booktitle={Principles and Practice of Constraint Programming--CP 2007},
  pages={529--543},
  year={2007},
  publisher={Springer}
}

@inproceedings{winter2008enterprise,
  title={Enterprise architecture governance: the need for a business-to-IT approach},
  author={Winter, Robert and Schelp, Joachim},
  booktitle={Proceedings of the 2008 ACM symposium on Applied computing},
  pages={548--552},
  year={2008},
  organization={ACM}
}

@inproceedings{winter2006essential,
  title={Essential layers, artifacts, and dependencies of enterprise architecture},
  author={Winter, Robert and Fischer, Ronny},
  booktitle={Enterprise Distributed Object Computing Conference Workshops, 2006. EDOCW'06. 10th IEEE International},
  pages={30--30},
  year={2006},
  organization={IEEE}
}

@article{chesbrough2006research,
  title={A research manifesto for services science},
  author={Chesbrough, Henry and Spohrer, Jim},
  journal={Communications of the ACM},
  volume={49},
  number={7},
  pages={35--40},
  year={2006},
  publisher={ACM}
}

@book{uslar2012standardization,
  title={Standardization in Smart Grids: Introduction to IT-Related Methodologies, Architectures and Standards},
  author={Uslar, Mathias and Specht, Michael and D{\"a}nekas, Christian and Trefke, J{\"o}rn and Rohjans, Sebastian and Gonz{\'a}lez, Jos{\'e} M and Rosinger, Christine and Bleiker, Robert},
  year={2012},
  publisher={Springer Science \& Business Media}
}

@article{kruchten19954+,
  title={The 4+ 1 view model of architecture},
  author={Kruchten, Philippe B},
  journal={Software, IEEE},
  volume={12},
  number={6},
  pages={42--50},
  year={1995},
  publisher={IEEE}
}

%%%% Points de vue
@article{lahna2009approches,
  title={Approches par points de vue pour l?ing{\'e}nierie des Syst{\`e}mes d?information. 1 {\`e}re partie},
  author={Lahna, Brahim and Roudi{\`e}s, Ounsa and Giraudin, Jean-Pierre},
  year={2009},
  publisher={Laboratoire SIR Departement G{\'e}nie Informatique Ecole Mohammadia d'ing{\'e}nieurs}
}

@inproceedings{pepinalignement,
  title={Alignement de mod{\`e}les m{\'e}tiers et applicatifs: une approche pragmatique par transformations de mod{\`e}le},
  author={Pepin, Jonathan and Andr{\'e}, Pascal and Attiogb{\'e}, Christian and Breton, Erwan},
  booktitle={Troisi{\`e}me Conf{\'e}rence en Ing{\'e}nieriE du Logiciel},
  pages={17}
}